@BOOK{Bibby_Jr._Sussman_Kowalski201803, 
    title={The Reasoned Schemer (MIT Press)},
    author={Daniel P. Friedman and William E. Byrd and Oleg Kiselyov and Jason Hemann},
    publisher={The MIT Press},
    year={2018},
    month={3},
    edition={second},
    isbn={9780262535519},
    url={http://amazon.co.jp/o/ASIN/0262535513/},
    price={ï¿¥ 3,439},
    totalpages={208},
    timestamp={2018.03.29},
}